%YAML 1.1
%TAG !u! tag:unity3d.com,2011:
--- !u!1 &129802
GameObject:
  m_ObjectHideFlags: 0
  m_PrefabParentObject: {fileID: 0}
  m_PrefabInternal: {fileID: 100100000}
  serializedVersion: 4
  m_Component:
  - 4: {fileID: 497622}
  - 114: {fileID: 11443540}
  - 114: {fileID: 11421152}
  m_Layer: 0
  m_Name: Game Controller
  m_TagString: Untagged
  m_Icon: {fileID: 0}
  m_NavMeshLayer: 0
  m_StaticEditorFlags: 0
  m_IsActive: 1
--- !u!4 &497622
Transform:
  m_ObjectHideFlags: 1
  m_PrefabParentObject: {fileID: 0}
  m_PrefabInternal: {fileID: 100100000}
  m_GameObject: {fileID: 129802}
  m_LocalRotation: {x: 0, y: 0, z: 0, w: 1}
  m_LocalPosition: {x: 0, y: 0, z: 0}
  m_LocalScale: {x: 1, y: 1, z: 1}
  m_Children: []
  m_Father: {fileID: 0}
  m_RootOrder: 0
--- !u!114 &11421152
MonoBehaviour:
  m_ObjectHideFlags: 1
  m_PrefabParentObject: {fileID: 0}
  m_PrefabInternal: {fileID: 100100000}
  m_GameObject: {fileID: 129802}
  m_Enabled: 1
  m_EditorHideFlags: 0
  m_Script: {fileID: 11500000, guid: 307f779df094115489fa42a3087c9cba, type: 3}
  m_Name: 
  m_EditorClassIdentifier: 
  columns: 10
  rows: 10
  floors:
  - {fileID: 134948, guid: d8d16662e56b5a54b906356761ef6bd6, type: 2}
  - {fileID: 120912, guid: c9dc1112cb8c86847bf08fe960dd4bc6, type: 2}
  - {fileID: 187812, guid: 9245378278de8074497fbf0b3236b32a, type: 2}
  - {fileID: 179526, guid: 8c0c84d389fe46e4d83651b97ffa8fa1, type: 2}
  - {fileID: 103786, guid: 9bd1f0e553b22dd43967b435b465c7c7, type: 2}
  - {fileID: 108750, guid: a2b2076e16dd29f48ac68493cbad6e47, type: 2}
  - {fileID: 178904, guid: c0dcbab73a9220541b7bd4e533986d91, type: 2}
  - {fileID: 154364, guid: 0fc1275285cdfab4f9d78c878e2a933f, type: 2}
  outerWalls:
  - {fileID: 166746, guid: b1db09af22e42bb468023d3c15e6a756, type: 2}
  - {fileID: 128362, guid: c9684857bc92e5140b1bd3374f5aba0e, type: 2}
  - {fileID: 124404, guid: d241122078adf4b4f8d62d2811c18602, type: 2}
  wallObstacles:
  - {fileID: 198876, guid: fedd2cad4f5b3704484536c7f9aa4a0c, type: 2}
  - {fileID: 188600, guid: b285df5ead9849342a736c3f9e7b5708, type: 2}
  - {fileID: 128306, guid: df945eb40983cfa44a4a6e70f269846a, type: 2}
  - {fileID: 157154, guid: 9a4298b5d74f45e4b8b44801b38d307e, type: 2}
  - {fileID: 141276, guid: deee40d7013ea4345932dd2548a40b55, type: 2}
  - {fileID: 169858, guid: 93ac011600a3ae443b6ad53de85761ff, type: 2}
  - {fileID: 114208, guid: 31cc897a1e8aef54e81d2521fde674fa, type: 2}
  - {fileID: 120310, guid: ec1440b95770f274282f9c4c7efae268, type: 2}
  foodItems:
  - {fileID: 120814, guid: a9b2d604e432c5540ab2ccbb6a418158, type: 2}
  - {fileID: 138300, guid: 058e474c3da6ab74db33c448c8018e24, type: 2}
  enemies:
  - {fileID: 100638, guid: 8761b5c40cf42bb4d833ce44f3fd921a, type: 2}
  - {fileID: 144716, guid: 5adf1c97be58fdc4781edba7a4d3efe9, type: 2}
  exit: {fileID: 178548, guid: 902c6730720e4dc4c80713dcb9b7616c, type: 2}
--- !u!114 &11443540
MonoBehaviour:
  m_ObjectHideFlags: 1
  m_PrefabParentObject: {fileID: 0}
  m_PrefabInternal: {fileID: 100100000}
  m_GameObject: {fileID: 129802}
  m_Enabled: 1
  m_EditorHideFlags: 0
  m_Script: {fileID: 11500000, guid: ead0fbea378fb134cbd49c26c95a1edf, type: 3}
  m_Name: 
  m_EditorClassIdentifier: 
  isPlayerTurn: 0
  areEnemiesMoving: 0
  playerCurrentHealth: 50
  gameOverSound: {fileID: 8300000, guid: bbdad7cac71eab54fb165d6131d31772, type: 3}
--- !u!1001 &100100000
Prefab:
  m_ObjectHideFlags: 1
  serializedVersion: 2
  m_Modification:
    m_TransformParent: {fileID: 0}
    m_Modifications: []
    m_RemovedComponents: []
  m_ParentPrefab: {fileID: 0}
  m_RootGameObject: {fileID: 129802}
  m_IsPrefabParent: 1
